@article{bousquet03,
  title={Introduction to Statistical Learning Theory},
  author={Bousquet, Olivier and Boucheron, Stéphane and Lugosi, Gábor},
  journal={Advanced Lectures on Machine Learning},
  year={2003},
  publisher={Springer}
}

@misc{samir16,
  title={A Gentle Introduction to Statistical Learning Theory},
  author={Samir, Mostafa},
  year={2016},
  howpublished={\url{https://mostafa-samir.github.io/ml-theory-pt2/}},
  note={Accessed: 2024-11-26}
}

@book{vapnik95,
  title={The Nature of Statistical Learning Theory},
  author={Vapnik, Vladimir N},
  year={1995},
  publisher={Springer}
}

@book{mohri12,
  title={Foundations of Machine Learning},
  author={Mohri, Mehryar and Rostamizadeh, Afshin and Talwalkar, Ameet},
  year={2012},
  publisher={MIT Press}
}

@misc{nakkiran19,
  title={Deep Double Descent: Where Bigger Models and More Data Hurt}, 
  author={Preetum Nakkiran and Gal Kaplun and al et},
  year={2019},
  eprint={1912.02292},
  archivePrefix={arXiv},
  primaryClass={cs.LG},
  url={https://arxiv.org/abs/1912.02292}, 
}

@article{sklearndiabetes11,
  title        = {Scikit-learn: Machine Learning in Python, Diabetes dataset},
  author       = {Pedregosa, Fabian and Varoquaux, Gaël and al et},
  year         = {2011},
  url          = {https://scikit-learn.org/1.5/modules/generated/sklearn.datasets.load_diabetes.html},
}
@article{wang24,
  title = {Support vector machine guided reproducing kernel particle method for image-based modeling of microstructures},
  author = {Wang, Yanran and Baek, Jonghyuk and al et},
  journal = {Computational Mechanics},
  year = {2024},
  publisher={Springer},
  url = {https://doi.org/10.1007/s00466-023-02394-9}
}
